@article{potapov2015data,
  title={Data-driven prediction and design of {bZIP} coiled-coil interactions},
  author={Potapov, Vladimir and Kaplan, Jenifer B and Keating, Amy E},
  journal={PLoS Comput Biol},
  volume={11},
  number={2},
  pages={e1004046},
  year={2015},
  publisher={Public Library of Science}
}

@article{negron2014set,
	title={A set of computationally designed orthogonal antiparallel homodimers that expands the synthetic coiled-coil toolkit},
	author={Negron, Christopher and Keating, Amy E},
	journal={Journal of the American Chemical Society},
	volume={136},
	number={47},
	pages={16544--16556},
	year={2014},
	publisher={ACS Publications}
}

@article{fong2004predicting,
	title={Predicting specificity in {bZIP} coiled-coil protein interactions},
	author={Fong, Jessica H and Keating, Amy E and Singh, Mona},
	journal={Genome biology},
	volume={5},
	number={2},
	pages={R11},
	year={2004},
	publisher={BioMed Central}
}

@inproceedings{singh2001towards,
	title={Towards predicting coiled-coil protein interactions},
	author={Singh, Mona and Kim, Peter S},
	booktitle={Proceedings of the fifth annual international conference on Computational biology},
	pages={279--286},
	year={2001},
	organization={ACM}
}

@article{crooks2016deriving,
	title={Deriving Heterospecific Self-Assembling Protein--Protein Interactions Using a Computational Interactome Screen},
	author={Crooks, Richard O and Baxter, Daniel and Panek, Anna S and Lubben, Anneke T and Mason, Jody M},
	journal={Journal of molecular biology},
	volume={428},
	number={2},
	pages={385--398},
	year={2016},
	publisher={Elsevier}
}

@inproceedings{halldorsson1994greed,
	title={Greed is good: Approximating independent sets in sparse and bounded-degree graphs},
	author={Halld{\'o}rsson, Magn{\'u}s and Radhakrishnan, Jaikumar},
	booktitle={Proceedings of the twenty-sixth annual ACM symposium on Theory of computing},
	pages={439--448},
	year={1994},
	organization={ACM}
}

@article{kovcar2016design,
	title={Design principles for rapid folding of knotted DNA nanostructures},
	author={Ko{\v{c}}ar, Vid and Schreck, John S and {\v{C}}eru, Slavko and Gradi{\v{s}}ar, Helena and Ba{\v{s}}i{\'c}, Nino and Pisanski, Toma{\v{z}} and Doye, Jonathan PK and Jerala, Roman},
	journal={Nature communications},
	volume={7},
	year={2016},
	publisher={Nature Publishing Group}
}

@article{bavsic2015algebraic,
	title={An algebraic approach to enumerating non-equivalent double traces in graphs},
	author={Ba{\v{s}}i{\'c}, Nino and Bokal, Drago and Boothby, Tomas and Rus, Jernej},
	journal={arXiv preprint arXiv:1511.09464},
	year={2015}
}

@article{kovcar2015topofold,
	title={{TOPOFOLD}, the designed modular biomolecular folds: polypeptide-based molecular origami nanostructures following the footsteps of {DNA}},
	author={Ko{\v{c}}ar, Vid and Bo{\v{z}}i{\v{c}} Abram, Sabina and Doles, Tibor and Ba{\v{s}}i{\'c}, Nino and Gradi{\v{s}}ar, Helena and Pisanski, Toma{\v{z}} and Jerala, Roman},
	journal={Wiley Interdisciplinary Reviews: Nanomedicine and Nanobiotechnology},
	volume={7},
	number={2},
	pages={218--237},
	year={2015},
	publisher={Wiley Online Library}
}

@article{gradivsar2013design,
	title={Design of a single-chain polypeptide tetrahedron assembled from coiled-coil segments},
	author={Gradi{\v{s}}ar, Helena and Bo{\v{z}}i{\v{c}}, Sabina and Doles, Tibor and Vengust, Damjan and Hafner-Bratkovi{\v{c}}, Iva and Mertelj, Alenka and Webb, Ben and {\v{S}}ali, Andrej and Klav{\v{z}}ar, Sandi and Jerala, Roman},
	journal={Nature chemical biology},
	volume={9},
	number={6},
	pages={362--366},
	year={2013},
	publisher={Nature Research}
}

@article{fletcher2012basis,
	title={A basis set of de novo coiled-coil peptide oligomers for rational protein design and synthetic biology},
	author={Fletcher, Jordan M and Boyle, Aimee L and Bruning, Marc and Bartlett, Gail J and Vincent, Thomas L and Zaccai, Nathan R and Armstrong, Craig T and Bromley, Elizabeth HC and Booth, Paula J and Brady, R Leo and others},
	journal={ACS synthetic biology},
	volume={1},
	number={6},
	pages={240--250},
	year={2012},
	publisher={ACS Publications}
}

@article{grigoryan2009design,
	title={Design of protein-interaction specificity gives selective {bZIP}-binding peptides},
	author={Grigoryan, Gevorg and Reinke, Aaron W and Keating, Amy E},
	journal={Nature},
	volume={458},
	number={7240},
	pages={859--864},
	year={2009},
	publisher={Nature Publishing Group}
}

@article{chen2012designing,
	title={Designing specific protein--protein interactions using computation, experimental library screening, or integrated methods},
	author={Chen, T Scott and Keating, Amy E},
	journal={Protein Science},
	volume={21},
	number={7},
	pages={949--963},
	year={2012},
	publisher={Wiley Online Library}
}

@article{rothemund2006folding,
	title={Folding {DNA} to create nanoscale shapes and patterns},
	author={Rothemund, Paul WK},
	journal={Nature},
	volume={440},
	number={7082},
	pages={297--302},
	year={2006},
	publisher={Nature Publishing Group}
}

@article{douglas2009self,
	title={Self-assembly of {DNA} into nanoscale three-dimensional shapes},
	author={Douglas, Shawn M and Dietz, Hendrik and Liedl, Tim and H{\"o}gberg, Bj{\"o}rn and Graf, Franziska and Shih, William M},
	journal={Nature},
	volume={459},
	number={7245},
	pages={414--418},
	year={2009},
	publisher={Nature Publishing Group}
}

@article{fijavvz2013strong,
	title={Strong traces model of self-assembly polypeptide structures},
	author={Fijav{\v{z}}, Ga{\v{s}}per and Pisanski, Toma{\v{z}} and Rus, Jernej},
	journal={{MATCH} {Communications} in Mathematical and in Computer Chemistry},
	number={71},
	pages={199--212},
	year={2014}
}

@inproceedings{brodnik2016construction,
	title={Construction of orthogonal {CC}-sets},
	author={Brodnik, Andrej and Jovičić, Vladan and Palangetić, Marko and Silađi, Daniel},
	year={2016},
	booktitle={Proceedings of the Middle-{European} Conference on Applied	Theoretical Computer Science ({MATCOS} 2016)},
	pages={36--39}
}

@article{konc2007improved,
	title={An improved branch and bound algorithm for the maximum clique problem},
	author={Konc, Janez and Janezic, Du{\v{s}}anka},
	journal={{MATCH} {Communications} in Mathematical and in Computer Chemistry},
	volume={4},
	number={5},
	year={2007}
}

@article{depolli2013exact,
	title={Exact parallel maximum clique algorithm for general and protein graphs},
	author={Depolli, Matjaz and Konc, Janez and Rozman, Kati and Trobec, Roman and Janezic, Dusanka},
	journal={Journal of chemical information and modeling},
	volume={53},
	number={9},
	pages={2217--2228},
	year={2013},
	publisher={ACS Publications}
}

@book{arora2009computational,
	title={Computational complexity: a modern approach},
	author={Arora, Sanjeev and Barak, Boaz},
	year={2009},
	publisher={Cambridge University Press}
}

@incollection{karp1972reducibility,
	title={Reducibility among combinatorial problems},
	author={Karp, Richard M},
	booktitle={Complexity of computer computations},
	pages={85--103},
	year={1972},
	publisher={Springer}
}

@book{gary1979computers,
	title={Computers and Intractability: A Guide to the Theory of {NP}-completeness},
	author={Gary, Michael R and Johnson, David S},
	year={1979},
	publisher={WH Freeman and Company, New York}
}

@inproceedings{bansal2009regularity,
	title={Regularity lemmas and combinatorial algorithms},
	author={Bansal, Nikhil and Williams, Ryan},
	booktitle={Foundations of Computer Science, 2009. FOCS'09. 50th Annual IEEE Symposium on},
	pages={745--754},
	year={2009},
	organization={IEEE}
}

@article{agrawal2004primes,
	title={{PRIMES} is in {P}},
	author={Agrawal, Manindra and Kayal, Neeraj and Saxena, Nitin},
	journal={Annals of mathematics},
	pages={781--793},
	year={2004},
	publisher={JSTOR}
}

@inproceedings{lenstra2002primality,
	title={Primality testing with {Gaussian} periods},
	author={Lenstra Jr, Hendrik W and Pomerance, Carl},
	booktitle={FSTTCS},
	pages={1},
	year={2002}
}

@article{agnarsson2003powers,
	title={Powers of geometric intersection graphs and dispersion algorithms},
	author={Agnarsson, Geir and Damaschke, Peter and Halld{\'o}rsson, Magn{\'u}s M},
	journal={Discrete applied mathematics},
	volume={132},
	number={1},
	pages={3--16},
	year={2003},
	publisher={Elsevier}
}

@article{san2013improved,
	title={An improved bit parallel exact maximum clique algorithm},
	author={San Segundo, Pablo and Matia, Fernando and Rodriguez-Losada, Diego and Hernando, Miguel},
	journal={Optimization Letters},
	pages={1--13},
	year={2013},
	publisher={Springer}
}

@inproceedings{tomita2010simple,
	title={A simple and faster branch-and-bound algorithm for finding a maximum clique},
	author={Tomita, Etsuji and Sutani, Yoichi and Higashi, Takanori and Takahashi, Shinya and Wakatsuki, Mitsuo},
	booktitle={International Workshop on Algorithms and Computation},
	pages={191--203},
	year={2010},
	organization={Springer}
}

@article{blum2003metaheuristics,
	title={Metaheuristics in combinatorial optimization: Overview and conceptual comparison},
	author={Blum, Christian and Roli, Andrea},
	journal={ACM Computing Surveys (CSUR)},
	volume={35},
	number={3},
	pages={268--308},
	year={2003},
	publisher={ACM}
}